<marcxml:record xmlns:marcxml="http://www.loc.gov/MARC21/slim" xmlns:idx="info:lc/xq-modules/lcindex" xmlns:madsrdf="http://www.loc.gov/mads/rdf/v1#" xmlns:ri="http://id.loc.gov/ontologies/RecordInfo#" xmlns:xlink="http://www.w3.org/1999/xlink" xmlns:rdf="http://www.w3.org/1999/02/22-rdf-syntax-ns#" xmlns:mets="http://www.loc.gov/METS/" xmlns:semtriples="http://marklogic.com/semantic" xmlns:xsi="http://www.w3.org/2001/XMLSchema-instance" xmlns:streams="info:lc/streams#">
            <marcxml:leader>01209cz  a2200229n  4500</marcxml:leader>
            <marcxml:controlfield tag="001">sh86004603</marcxml:controlfield>
            <marcxml:controlfield tag="003">DLC</marcxml:controlfield>
            <marcxml:controlfield tag="005">20020923133401.0</marcxml:controlfield>
            <marcxml:controlfield tag="008">860725|| anannbabn          |a ana      </marcxml:controlfield>
            <marcxml:datafield tag="010" ind1=" " ind2=" ">
              <marcxml:subfield code="a">sh 86004603 </marcxml:subfield>
            </marcxml:datafield>
            <marcxml:datafield tag="040" ind1=" " ind2=" ">
              <marcxml:subfield code="a">DLC</marcxml:subfield>
              <marcxml:subfield code="c">DLC</marcxml:subfield>
              <marcxml:subfield code="d">DLC</marcxml:subfield>
            </marcxml:datafield>
            <marcxml:datafield tag="151" ind1=" " ind2=" ">
              <marcxml:subfield code="a">Sannio (Italy)</marcxml:subfield>
            </marcxml:datafield>
            <marcxml:datafield tag="451" ind1=" " ind2=" ">
              <marcxml:subfield code="w">nne</marcxml:subfield>
              <marcxml:subfield code="a">Samnium (Italy)</marcxml:subfield>
            </marcxml:datafield>
            <marcxml:datafield tag="670" ind1=" " ind2=" ">
              <marcxml:subfield code="a">Work cat.: Nittoli, S. Vocabolario di varî dialetti del Sannio, 1984.</marcxml:subfield>
            </marcxml:datafield>
            <marcxml:datafield tag="670" ind1=" " ind2=" ">
              <marcxml:subfield code="a">Grande enciclopedia Vallardi, 1968-71</marcxml:subfield>
              <marcxml:subfield code="b">(Sannio, region of southern Italy, corresponding to eastern Campania, Molise, and southern part of Abruzzo. In ancient times it was inhabited by the Samnites)</marcxml:subfield>
            </marcxml:datafield>
            <marcxml:datafield tag="670" ind1=" " ind2=" ">
              <marcxml:subfield code="a">United States. Office of Geography. Italy and associated areas, 1956</marcxml:subfield>
              <marcxml:subfield code="b">(Sannio, region, 41⁰20'N, 14⁰30'E)</marcxml:subfield>
            </marcxml:datafield>
            <marcxml:datafield tag="670" ind1=" " ind2=" ">
              <marcxml:subfield code="a">The Times, London. The Times atlas of the world, 1955-59</marcxml:subfield>
              <marcxml:subfield code="b">(Sannio reg.)</marcxml:subfield>
            </marcxml:datafield>
            <marcxml:datafield tag="670" ind1=" " ind2=" ">
              <marcxml:subfield code="a">Enciclopedia italiana di scienze, lettere, ed arti, 1934</marcxml:subfield>
              <marcxml:subfield code="b">(both)</marcxml:subfield>
            </marcxml:datafield>
            <marcxml:datafield tag="670" ind1=" " ind2=" ">
              <marcxml:subfield code="a">Web. geog.</marcxml:subfield>
              <marcxml:subfield code="b">(Samnium: "Country in ancient cen. Italy, the modern Abruzzi region and part of Campania region.  Its inhabitants, the Samnites, were enemies of the Romans until conquered c. 290 B.C.")</marcxml:subfield>
            </marcxml:datafield>
            <marcxml:datafield tag="670" ind1=" " ind2=" ">
              <marcxml:subfield code="a">Ox. classic. dict.</marcxml:subfield>
              <marcxml:subfield code="b">(Samnium)</marcxml:subfield>
            </marcxml:datafield>
            <marcxml:datafield tag="675" ind1=" " ind2=" ">
              <marcxml:subfield code="a">Lippincott;</marcxml:subfield>
              <marcxml:subfield code="a">Britannica Micro.</marcxml:subfield>
            </marcxml:datafield>
            <marcxml:datafield tag="781" ind1=" " ind2="0">
              <marcxml:subfield code="z">Italy</marcxml:subfield>
              <marcxml:subfield code="z">Sannio</marcxml:subfield>
            </marcxml:datafield>
          </marcxml:record>
